<?xml version="1.0" encoding="UTF-8"?>
<marc:record xmlns:marc="http://www.loc.gov/MARC21/slim"
             xmlns:saxon="http://icl.com/saxon"
             xmlns="http://www.loc.gov/MARC21/slim"
             xmlns:oclcterms="http://purl.org/oclc/terms/"
             xmlns:dc="http://purl.org/dc/elements/1.1/"
             xmlns:diag="http://www.loc.gov/zing/srw/diagnostic/"
             xmlns:zs="http://www.loc.gov/zing/srw/"
             xmlns:xlink="http://www.w3.org/1999/xlink"
             xmlns:xsi="http://www.w3.org/2001/XMLSchema-instance"
             xsi:schemaLocation="http://www.loc.gov/MARC21/slim https://www.loc.gov/standards/marcxml/schema/MARC21slim.xsd">
   <leader>00000cam a2200000 a 4500</leader>
   <controlfield tag="001">35070655</controlfield>
   <controlfield tag="008">960712s1996 mnu f100 0 eng </controlfield>
   <datafield ind1=" " ind2=" " tag="010">
      <subfield code="a"> 96198393 </subfield>
   </datafield>
   <datafield ind1=" " ind2=" " tag="040">
      <subfield code="a">DNAL</subfield>
      <subfield code="b">eng</subfield>
      <subfield code="c">DLC</subfield>
      <subfield code="d">OCL</subfield>
      <subfield code="d">BTCTA</subfield>
      <subfield code="d">OCLCO</subfield>
      <subfield code="d">OCLCF</subfield>
      <subfield code="d">OCLCQ</subfield>
      <subfield code="d">OCL</subfield>
      <subfield code="d">OCLCQ</subfield>
      <subfield code="d">JDP</subfield>
      <subfield code="d">OCLCO</subfield>
   </datafield>
   <datafield ind1="1" ind2=" " tag="029">
      <subfield code="a">GBVCP</subfield>
      <subfield code="b">224726013</subfield>
   </datafield>
   <datafield ind1="1" ind2=" " tag="029">
      <subfield code="a">NZ1</subfield>
      <subfield code="b">4789292</subfield>
   </datafield>
   <datafield ind1=" " ind2=" " tag="042">
      <subfield code="a">lccopycat</subfield>
   </datafield>
   <datafield ind1="0" ind2="0" tag="050">
      <subfield code="a">SD397.O12</subfield>
      <subfield code="b">W67 1995</subfield>
   </datafield>
   <datafield ind1="0" ind2=" " tag="070">
      <subfield code="a">aSD11.A352</subfield>
      <subfield code="b">no.182</subfield>
   </datafield>
   <datafield ind1=" " ind2="0" tag="072">
      <subfield code="a">F600 K001</subfield>
   </datafield>
   <datafield ind1="2" ind2=" " tag="111">
      <subfield code="a">Workshop on Seedling Physiology and Growth Problems in Oak
              Plantings</subfield>
      <subfield code="n">(6th :</subfield>
      <subfield code="d">1995 :</subfield>
      <subfield code="c">University of Wisconsin--Stevens Point)</subfield>
   </datafield>
   <datafield ind1="1" ind2="0" tag="245">
      <subfield code="a">Sixth Workshop on Seedling Physiology and Growth Problems in Oak
              Plantings, Rhinelander, Wisconsin, September 18-20, 1995 :</subfield>
      <subfield code="b">abstracts /</subfield>
      <subfield code="c">edited by Ronald M. Teclaw ; sponsored by North Central Forest
              Experiment Station.</subfield>
   </datafield>
   <datafield ind1=" " ind2=" " tag="260">
      <subfield code="a">St. Paul, Minn. :</subfield>
      <subfield code="b">The Station,</subfield>
      <subfield code="c">1995.</subfield>
   </datafield>
   <datafield ind1=" " ind2=" " tag="300">
      <subfield code="a">29 pages ;</subfield>
      <subfield code="c">28 cm.</subfield>
   </datafield>
   <datafield ind1=" " ind2=" " tag="336">
      <subfield code="a">text</subfield>
      <subfield code="b">txt</subfield>
      <subfield code="2">rdacontent</subfield>
   </datafield>
   <datafield ind1=" " ind2=" " tag="337">
      <subfield code="a">unmediated</subfield>
      <subfield code="b">n</subfield>
      <subfield code="2">rdamedia</subfield>
   </datafield>
   <datafield ind1=" " ind2=" " tag="338">
      <subfield code="a">volume</subfield>
      <subfield code="b">nc</subfield>
      <subfield code="2">rdacarrier</subfield>
   </datafield>
   <datafield ind1="1" ind2=" " tag="490">
      <subfield code="a">General technical report NC ;</subfield>
      <subfield code="v">182</subfield>
   </datafield>
   <datafield ind1=" " ind2=" " tag="500">
      <subfield code="a">"Held at Treehaven, University of Wisconsin--Stevens Point, Natural
              Resource and Education Center, Tomahawk, Wisconsin."</subfield>
   </datafield>
   <datafield ind1=" " ind2="0" tag="650">
      <subfield code="a">Oak</subfield>
      <subfield code="x">Seedlings</subfield>
      <subfield code="v">Congresses.</subfield>
   </datafield>
   <datafield ind1=" " ind2="7" tag="650">
      <subfield code="a">Oak</subfield>
      <subfield code="x">Seedlings.</subfield>
      <subfield code="2">fast</subfield>
      <subfield code="0">(OCoLC)fst01042622</subfield>
   </datafield>
   <datafield ind1=" " ind2="7" tag="655">
      <subfield code="a">Conference papers and proceedings.</subfield>
      <subfield code="2">fast</subfield>
      <subfield code="0">(OCoLC)fst01423772</subfield>
   </datafield>
   <datafield ind1=" " ind2="7" tag="655">
      <subfield code="a">Conference papers and proceedings.</subfield>
      <subfield code="2">lcgft</subfield>
   </datafield>
   <datafield ind1="1" ind2=" " tag="700">
      <subfield code="a">Teclaw, Ronald M.</subfield>
   </datafield>
   <datafield ind1="2" ind2=" " tag="710">
      <subfield code="a">North Central Forest Experiment Station (Saint Paul,
              Minn.)</subfield>
   </datafield>
   <datafield ind1="0" ind2="8" tag="776">
      <subfield code="i">Online version:</subfield>
      <subfield code="a">Workshop on Seedling Physiology and Growth Problems in Oak Plantings
              (6th : 1995 : University of Wisconsin--Stevens Point).</subfield>
      <subfield code="t">Sixth Workshop on Seedling Physiology and Growth Problems in Oak
              Plantings, Rhinelander, Wisconsin, September 18-20, 1995.</subfield>
      <subfield code="d">St. Paul, Minn. : The Station, 1995</subfield>
      <subfield code="w">(OCoLC)904204347</subfield>
   </datafield>
   <datafield ind1=" " ind2="0" tag="830">
      <subfield code="a">General technical report NC ;</subfield>
      <subfield code="v">182.</subfield>
   </datafield>
   <datafield ind1=" " ind2=" " tag="938">
      <subfield code="a">Baker and Taylor</subfield>
      <subfield code="b">BTCP</subfield>
      <subfield code="n">96198393</subfield>
   </datafield>
</marc:record>
